<?xml version="1.0" encoding="UTF-8"?><collection xmlns="http://www.loc.gov/MARC21/slim"><record><leader>00326nam--2200121-i-4500</leader><controlfield tag="001">000046234</controlfield><controlfield tag="002">20161230</controlfield><controlfield tag="005">20161230201045</controlfield><controlfield tag="008">060222s1000------------r-----000-0-eng-d</controlfield><datafield ind1=" " ind2=" " tag="080"><subfield code="a">378.4:001.818</subfield></datafield><datafield ind1=" " ind2=" " tag="245"><subfield code="a">University of strathclyde. report of research. sesion: 1965/66</subfield></datafield><datafield ind1=" " ind2=" " tag="260"><subfield code="a">Strathclyde, University, 1966</subfield></datafield><datafield ind1=" " ind2=" " tag="852"><subfield code="a">24397</subfield></datafield></record></collection>